@Manual{R-base,
  title = {R: A Language and Environment for Statistical Computing},
  author = {{R Core Team}},
  organization = {R Foundation for Statistical Computing},
  address = {Vienna, Austria},
  year = {2018},
  url = {https://www.R-project.org/},
}
@Manual{R-BH,
  title = {BH: Boost C++ Header Files},
  author = {Dirk Eddelbuettel and John W. Emerson and Michael J. Kane},
  year = {2019},
  note = {R package version 1.69.0-1},
  url = {https://CRAN.R-project.org/package=BH},
}
@Manual{R-bookdown,
  title = {bookdown: Authoring Books and Technical Documents with R Markdown},
  author = {Yihui Xie},
  year = {2018},
  note = {R package version 0.9},
  url = {https://CRAN.R-project.org/package=bookdown},
}
@Manual{R-cluster,
  title = {cluster: "Finding Groups in Data": Cluster Analysis Extended Rousseeuw et
al.},
  author = {Martin Maechler and Peter Rousseeuw and Anja Struyf and Mia Hubert},
  year = {2018},
  note = {R package version 2.0.7-1},
  url = {https://CRAN.R-project.org/package=cluster},
}
@Manual{R-data.table,
  title = {data.table: Extension of `data.frame`},
  author = {Matt Dowle and Arun Srinivasan},
  year = {2019},
  note = {R package version 1.12.2},
  url = {https://CRAN.R-project.org/package=data.table},
}
@Manual{R-flowClust,
  title = {flowClust: Clustering for Flow Cytometry},
  author = {Raphael Gottardo and Kenneth Lo and Greg Finak},
  year = {2019},
  note = {R package version 3.20.1},
}
@Manual{R-flowCore,
  title = {flowCore: Basic structures for flow cytometry data},
  author = {B Ellis and Perry Haaland and Florian Hahne and Nathan {Le Meur} and Nishant Gopalakrishnan and Josef Spidlen and Mike Jiang and Greg Finak},
  year = {2019},
  note = {R package version 1.48.1},
}
@Manual{R-flowStats,
  title = {flowStats: Statistical methods for the analysis of flow cytometry data},
  author = {Florian Hahne and Nishant Gopalakrishnan and Alireza Hadj Khodabakhshi and Chao-Jen Wong and Kyongryun Lee},
  year = {2019},
  note = {R package version 3.40.1},
  url = {http://www.github.com/RGLab/flowStats},
}
@Manual{R-flowWorkspace,
  title = {flowWorkspace: Infrastructure for representing and interacting with gated and
ungated cytometry data sets.},
  author = {Greg Finak and Mike Jiang},
  year = {2019},
  note = {R package version 3.30.2},
}
@Manual{R-knitr,
  title = {knitr: A General-Purpose Package for Dynamic Report Generation in R},
  author = {Yihui Xie},
  year = {2019},
  note = {R package version 1.22},
  url = {https://CRAN.R-project.org/package=knitr},
}
@Manual{R-ncdfFlow,
  title = {ncdfFlow: A package that provides HDF5 based storage for flow
cytometry data.},
  author = {Mike Jiang,Greg Finak,N. Gopalakrishnan},
  year = {2019},
  note = {R package version 2.28.1},
}
@Manual{R-openCyto,
  title = {openCyto: Hierarchical Gating Pipeline for flow cytometry data},
  author = {Mike Jiang and John Ramey and Greg Finak and Raphael Gottardo},
  year = {2019},
  note = {R package version 1.20.2},
}
@Manual{R-plyr,
  title = {plyr: Tools for Splitting, Applying and Combining Data},
  author = {Hadley Wickham},
  year = {2016},
  note = {R package version 1.8.4},
  url = {https://CRAN.R-project.org/package=plyr},
}
@Manual{R-RcppArmadillo,
  title = {RcppArmadillo: 'Rcpp' Integration for the 'Armadillo' Templated Linear Algebra
Library},
  author = {Dirk Eddelbuettel and Romain Francois and Doug Bates and Binxiang Ni},
  year = {2019},
  note = {R package version 0.9.400.2.0},
  url = {https://CRAN.R-project.org/package=RcppArmadillo},
}
@Manual{R-rmarkdown,
  title = {rmarkdown: Dynamic Documents for R},
  author = {JJ Allaire and Yihui Xie and Jonathan McPherson and Javier Luraschi and Kevin Ushey and Aron Atkins and Hadley Wickham and Joe Cheng and Winston Chang and Richard Iannone},
  year = {2018},
  note = {R package version 1.11},
  url = {https://CRAN.R-project.org/package=rmarkdown},
}
